@article{bulmer2000music,
  title={Music from fractal noise},
  author={Bulmer, Michael},
  journal={Proceedings of the Mathematics 2000 Festival},
  pages={10--13},
  year={2000}
}

@book{donq,
  title={The History and Adventures of the Renowned Don Quixote},
  author={Cervantes},
  isbn={9780820324302},
  year={2003},
  publisher={University of Georgia Press}
}

@book{gameai,
  title={Behavioral Mathematics for Game AI},
  author={Dave Mark},
  isbn={1584506849},
  year={2009},
  publisher={Course Technology Cengage Learning}
}

@misc{crazylisp,
  author = {Jeremy Mates},
  title = {{dijkstramap.lisp}},
  howpublished = "\url{https://github.com/thrig/ministry-of-silly-vaults/blob/master/dijkstramap.lisp}",
  year = {2018}, 
  note = "[Online; accessed 20-September-2018]"
}

@misc{gdm,
  author = {Jeremy Mates},
  title = {{Game::DijkstraMap}},
  howpublished = "\url{https://metacpan.org/pod/Game::DijkstraMap}",
  year = {2018}, 
  note = "[Online; accessed 20-September-2018]"
}

@misc{tipodm,
  author = {Pender},
  title = {{The Incredible Power of Dijkstra Maps}},
  howpublished = "\url{http://www.roguebasin.com/index.php?title=The_Incredible_Power_of_Dijkstra_Maps}",
  year = {2010}, 
  note = "[Online; accessed 20-September-2018]"
}

@misc{xkcd135,
  author = {Randall Munroe},
  title = {{Substitute}},
  howpublished = "\url{https://www.xkcd.com/135/}",
  year = {2006}, 
  note = "[Online; accessed 20-September-2018]"
}

